3354 5370
766 219 999 284 ...638-

234 394 289 457 des
308 393 467 473 folgenden
486 393 616 455 Nomens
637 391 764 453 vielfaeh
787 392 871 452 nieht
892 411 1062 453 zusammen
1086 394 1140 452 mit
1162 391 1220 452 den
1242 392 1294 453 ihu
1319 391 1538 454 berdhrenden

233 496 346 558 Lauten
368 495 605 574 Positionsldnge
628 514 664 555 zu
687 493 850 555 bewirken.

319 597 358 658 So
381 600 420 659 ist
442 597 534 676 apud
557 614 712 676 gemessen
736 598 766 656 in
791 594 948 673 folgenden
971 596 1099 656 Versen:

449 701 549 760 Haut.
572 700 639 759 Mil.
665 693 740 759 108:
758 697 866 777 :ltaque
896 699 1041 758 intumum
1064 696 1108 758 ibi
1131 717 1162 759 se
1186 698 1272 760 miles
1299 704 1387 778 aput
1409 697 1536 759 leniam

916 799 997 860 facit.

551 902 644 963 Stich.
667 896 745 962 536:
784 881 882 979 Aput
904 919 968 960 nos
990 901 1123 962 eccillam
1146 903 1316 962 festinat..

529 1003 642 1064 Boeelt.
666 997 743 1062 306:
782 1001 842 1062 Nos
864 1002 952 1080 aiput
974 1001 1207 1064 Theotimum
1231 1021 1318 1064 omne
1341 1003 1477 1063 aurum.
1501 1046 1510 1065 .

276 1105 368 1167 Naen.
393 1106 473 1164 Com.
492 1104 540 1177 fr.
565 1105 632 1164 Rib.
654 1122 685 1180 p.
705 1099 744 1163 8:
782 1101 852 1164 'fibi
867 1105 945 1163 serri
961 1103 1045 1164 multi
1069 1104 1164 1183 dpud
1187 1122 1346 1165 mensam
1369 1111 1469 1165 astant
1493 1151 1500 1164 .
1526 1149 1534 1164 .

291 1207 408 1268 Terent.
433 1206 551 1266 Pdorm.
576 1205 607 1276 ll,
631 1202 660 1276 8,
683 1201 740 1267 33:
779 1204 898 1265 Manere
925 1204 1003 1265 iliam
1027 1205 1120 1285 apud
1145 1213 1194 1273 te,
1219 1205 1273 1265 dds
1288 1205 1336 1267 irie
1353 1216 1499 1267 maneat.
1528 1253 1535 1266 .

574 1325 603 1367 a.
628 1307 659 1368 0.
683 1303 740 1368 41:
778 1305 922 1368 Cumilla
939 1304 1052 1367 habitet
1067 1306 1159 1387 apud
1184 1314 1232 1376 te,
1257 1307 1313 1367 froc
1334 1308 1497 1368 vistrum.
1526 1355 1534 1368 .

344 1413 402 1470 Art.
430 1408 522 1486 Troy.
545 1409 583 1470 R.
602 1426 637 1486 p.
663 1404 739 1470 104:
777 1407 922 1469 Remanet
943 1407 1037 1485 gloria
1060 1408 1155 1488 ipud
1179 1428 1248 1470 me:
1271 1411 1392 1470 exuvias
1416 1456 1422 1469 .
1450 1456 1456 1469 .

288 1512 402 1572 Incert.
427 1510 521 1586 Troy.
546 1510 635 1585 11]).
661 1506 741 1569 227:
780 1508 860 1570 Nihil
883 1497 995 1572 ladrum
1019 1511 1117 1571 simile
1145 1517 1190 1570 est
1218 1510 1312 1590 dpud
1341 1510 1537 1571 Lacaenas

912 1629 1053 1691 virgines.

235 1715 304 1794 (ool.
328 1715 430 1783 Graiu,
455 1715 586 1776 Plautia.
610 1712 699 1774 Stoa.
723 1712 755 1772 S.
781 1709 830 1773 10.
868 1713 899 1772 C.
924 1714 1011 1774 Mdif.
1034 1714 1134 1777 Plani.
1158 1715 1244 1775 Prot.
1268 1714 1298 1775 S.
1322 1710 1364 1774 89
1382 1713 1433 1791 (1).

317 1815 375 1877 llas
397 1824 470 1876 matt
492 1814 684 1876 auslautende
708 1813 879 1875 irrationale
903 1814 920 1874 d
945 1833 1000 1875 ron
1023 1815 1116 1895 apud
1141 1815 1173 1894 (s.
1191 1816 1264 1875 oben
1287 1813 1323 1885 ll,
1342 1810 1413 1885 191,
1430 1815 1533 1892 anm.)

232 1920 271 1978 ist
293 1920 324 1978 in
347 1917 406 1978 den
430 1917 645 1980 Romaniselren
669 1915 820 1995 Spraelren
843 1915 1092 1985 versehwunden,
1117 1935 1184 1978 zum
1207 1916 1336 1996 Beispiel
1359 1918 1390 1976 iu
1413 1916 1533 1977 italien.

233 2039 340 2099 appo,
363 2020 454 2081 Pron.
478 2019 521 2079 ab
545 2019 640 2096 (iliez,
664 2020 796 2078 Gramen.
820 2019 851 2082 d.
874 2019 961 2080 Rom.
984 2018 1057 2094 Spr.
1081 2017 1115 2087 ll,
1138 2014 1211 2079 452.
1233 2014 1254 2078 2
1276 2016 1333 2095 Α).

316 2122 371 2183 Bel
404 2121 445 2181 ad
476 2118 568 2181 lindet
601 2118 666 2180 siolo
701 2119 750 2179 die
779 2118 1085 2196 Positionslainge
1115 2120 1218 2181 nieht
1247 2119 1426 2180 beaehtet
1462 2139 1533 2182 zum

232 2223 364 2302 Beispiei
387 2225 418 2282 in
441 2222 600 2300 folgenden
623 2221 751 2305 femen:

274 2326 374 2385 Pione
403 2324 500 2385 Stich.
531 2319 605 2384 127:
644 2322 696 2383 su
718 2322 774 2383 hoe
796 2331 850 2393 est,
874 2323 968 2402 quod
992 2324 1033 2385 ad
1057 2342 1117 2383 ros
1140 2324 1226 2384 venio
1250 2369 1257 2384 .
1282 2368 1290 2384 .

394 2427 505 2487 Pseud.
528 2421 605 2486 400:
644 2424 768 2505 Neque
791 2425 832 2485 ad
856 2425 1102 2487 de'texundam
1125 2425 1213 2486 telam
1237 2472 1244 2484 .
1269 2470 1277 2486 .

276 2528 344 2589 Ter.
361 2527 488 2597 Andri
504 2524 535 2596 5,
549 2523 605 2588 53:
644 2526 681 2586 Et
703 2526 743 2585 aid
767 2525 989 2605 pudicitiam
1012 2528 1042 2588 dt
1065 2527 1106 2587 ad
1129 2545 1204 2586 rem
1228 2526 1378 2587 tutandam
1402 2529 1493 2588 sient.

353 2630 426 2690 Hee.
450 2627 471 2696 l,
494 2624 524 2697 2,
547 2624 604 2688 00:
642 2628 685 2690 Ut
707 2628 749 2688 ad
772 2629 885 2706 pauca
907 2629 1029 2690 redeam
1052 2675 1088 2691 ..
1118 2627 1187 2706 (191.
1212 2629 1330 2688 I‘lzomn.
1354 2627 1399 2703 lV,
1424 2625 1454 2696 3,
1475 2626 1532 2709 43)

286 2730 406 2791 Phoron.
431 2728 451 2799 l,
474 2726 505 2799 2,
531 2725 605 2790 10οε
645 2729 687 2789 Et
709 2729 750 2789 ad
773 2730 992 2808 pdrtitores.

359 2835 415 2893 Ad.
439 2832 473 2901 ll,
497 2827 526 2900 2,
549 2826 606 2892 28:
645 2830 743 2892 iamne
760 2830 940 2892 enumerasti
955 2831 995 2902 id,
1019 2831 1115 2912 quod
1139 2832 1180 2892 ad
1197 2841 1231 2892 te
1247 2831 1414 2893 rediturum
1430 2840 1529 2911 putes.
1582 2892 1583 2895 ,

232 2954 261 2994 u.
285 2953 310 2994 a.
336 2934 404 3012 (uqi.
425 2936 472 2993 W.
493 2936 639 3008 Woyner,
663 2933 763 2993 Pfaot.
788 2935 857 2994 Aul.
881 2934 998 2993 Introd.
1019 2952 1051 3010 p.
1067 2930 1119 2994 34.
1158 2936 1190 2994 C.
1213 2934 1300 2994 Moilf.
1325 2935 1422 2994 Plout.
1439 2935 1530 2995 Pros.

230 3037 262 3094 S.
286 3033 349 3096 283
367 3036 417 3112 sl.
462 3036 494 3096 ln
523 3035 579 3095 den
604 3034 822 3096 Romaniselren
846 3035 998 3114 Spraelren
1027 3035 1150 3113 stumpit
1178 3036 1242 3095 sielr
1266 3036 1314 3095 die
1338 3035 1529 3114 Priposition

230 3138 270 3197 ad
295 3138 369 3198 naelr
393 3135 487 3197 diofall
512 3137 594 3196 ilrres
616 3136 790 3197 selrwaehen
814 3137 831 3195 d
855 3155 890 3196 zu
914 3156 930 3197 a
954 3137 990 3198 ab
1015 3139 1116 3214 (Dice,
1140 3154 1170 3197 α.
1195 3137 1229 3198 0.
1253 3137 1288 3206 ll,
1314 3134 1398 3216 452).

315 3240 397 3301 duell
422 3239 464 3300 ab
488 3239 640 3298 erseheint
663 3238 739 3298 olrrre
763 3238 937 3315 Beaelrtung
960 3239 1014 3298 der
1036 3239 1272 3316 Positiouslange
1295 3257 1467 3316 gemessen:

174 3375 184 3400 .
274 3343 373 3403 Plaut.
439 3336 698 3411 A211.1v,5,6:
737 3340 897 3419 Tantisper
919 3339 988 3400 ltine
1011 3359 1065 3417 ego
1088 3339 1131 3400 ab
1154 3341 1266 3400 idnua
1290 3340 1477 3401 conoessero.

414 3444 505 3503 Poen.
529 3442 561 3511 V,
584 3440 620 3510 4,
646 3438 699 3501 10:
738 3440 840 3520 Neque
864 3440 906 3501 ab
929 3442 1130 3502 idventute
1156 3486 1187 3502 ..

479 3544 596 3604 Bacch.
622 3537 680 3603 187
689 3564 695 3602 :
734 3542 865 3603 Salritern
889 3541 944 3602 tibi
968 3542 1010 3603 ab
1034 3544 1156 3604 sodali
1180 3589 1213 3603 ..

231 3648 343 3723 (oraro,
367 3648 499 3706 Plautio.
522 3644 657 3705 811118.
683 3643 730 3703 ll.
770 3646 801 3702 C.
826 3645 913 3704 Milli,
937 3646 1035 3706 Plani.
1058 3647 1145 3706 Pron.
1162 3645 1194 3704 S.
1211 3642 1295 3724 281),
1319 3664 1364 3703 nro
1386 3646 1435 3705 die
1459 3647 1527 3707 tiel-

228 3752 328 3825 tnnige
351 3749 537 3827 Preiposition
562 3749 591 3807 in
616 3746 809 3806 enltlitiseirer
832 3745 1084 3824 Tonverlrindung
1108 3749 1162 3807 mit
1190 3748 1256 3807 dem
1285 3746 1441 3823 folgenden
1466 3747 1526 3808 No·

228 3869 296 3911 uren
320 3849 674 3930 zusammengesproelren
698 3848 786 3915 wird,
818 3847 853 3907 da
880 3846 908 3926 ja
936 3849 987 3909 das
1010 3849 1202 3909 auslautende
1227 3849 1245 3908 b
1274 3851 1321 3908 eiu
1352 3868 1384 3907 so
1411 3849 1525 3910 seuwa-

228 3953 299 4013 elrer
323 3951 567 4013 verselrwindend
592 3951 700 4010 lturzer
723 3950 798 4009 Laut
821 3951 875 4019 ist,
905 3950 972 4010 dass
1000 3969 1033 4010 er
1057 3954 1086 4011 in
1110 3951 1167 4011 den
1195 3952 1368 4011 erudiunten
1392 3950 1526 4027 'lonver-

230 4054 402 4131 lrindungen
426 4057 480 4115 wie
510 4055 619 4133 aqud,
645 4055 797 4120 amatre,
827 4052 960 4112 anrio
988 4071 1061 4130 ganz
1091 4053 1308 4130 geselrwunden
1331 4054 1370 4111 ist
1393 4050 1424 4128 (s.
1448 4053 1526 4113 oben

231 4152 375 4233 11635).
421 4155 539 4216 Ebenso
568 4157 607 4216 ist
635 4155 684 4215 die
706 4154 844 4230 llessung
872 4155 913 4213 dx
944 4153 1133 4232 begreillieh,
1158 4174 1202 4215 uo
1224 4156 1265 4214 dx
1294 4153 1356 4212 sielr
1386 4154 1524 4231 tieftouig

229 4277 265 4318 an
289 4259 341 4317 das
363 4258 498 4335 fulgendo
522 4258 634 4319 Nomen
658 4256 809 4317 selrliesst:

355 4362 453 4421 Picent.
492 4361 588 4421 Mero.
614 4356 689 4419 176:
727 4357 771 4419 'fri
795 4358 915 4437 quidem
939 4376 981 4418 ex
1004 4375 1066 4416 ore
1089 4360 1253 4419 orzilionem
1277 4405 1284 4418 .
1311 4405 1319 4419 .

391 4465 482 4523 Poen.
506 4458 689 4533 111,4,23;
727 4459 770 4521 lbi
795 4460 1003 4538 ert-tdmpio
1026 4460 1093 4520 leno
1116 4461 1231 4521 errabit
1254 4508 1261 4520 .
1287 4507 1294 4520 .
1319 4505 1326 4518 .

272 4563 340 4622 Ter.
365 4564 475 4625 Ileout.
500 4564 540 4639 lt,
568 4561 603 4632 4,
636 4560 689 4624 lt:
729 4538 769 4627 tlt
792 4579 833 4621 ex
858 4561 964 4622 illius
986 4563 1176 4622 ednrmodo
1200 4609 1232 4622 ..

439 4668 496 4725 Ad.
522 4665 552 4738 V,
578 4660 607 4734 9,
631 4662 688 4726 31:
727 4663 785 4724 Sed
810 4681 849 4723 ex
874 4662 1107 4725 adsentando
1132 4711 1165 4726 ..

228 4770 270 4849 (ι’.
295 4767 383 4828 Muti.
406 4785 435 4828 u.
461 4765 494 4828 0.
518 4766 549 4825 S.
571 4763 632 4827 311
651 4767 704 4849 s.),
729 4767 765 4828 du
783 4766 873 4825 seiron
896 4767 936 4826 im
953 4766 1196 4828 dltlateiniselren
1219 4769 1271 4828 das
1293 4767 1525 4829 auslautendex
